@online{biblatex,
  title = {Biblatex – Sophisticated Bibliographies in LaTeX},
  publisher = {Dansk Standard},
  year = {2018},
  author = {Philipp Lehman AND Joseph Wright AND Audrey Boruvka AND Philip Kime},
  url = {https://www.ctan.org/pkg/biblatex}
}

@Article{agri_review,
AUTHOR = {Tsouros, Dimosthenis C. and Bibi, Stamatia and Sarigiannidis, Panagiotis G.},
TITLE = {A Review on UAV-Based Applications for Precision Agriculture},
JOURNAL = {Information},
VOLUME = {10},
YEAR = {2019},
NUMBER = {11},
ARTICLE-NUMBER = {349},
URL = {https://www.mdpi.com/2078-2489/10/11/349},
ISSN = {2078-2489},
DOI = {10.3390/info10110349}
}

@article{disaster_review ,
  title={Experimental Results in Multi-UAV Coordination for Disaster Management and Civil Security Applications},
  author={Maza, Iv{\'a}n and Caballero, Fernando and Capit{\'a}n, Jes{\'u}s and Mart{\'i}nez-de-Dios, Jos{\'e} Ramiro and Ollero, An{\'i}bal},
  journal={J Intell Robot Syst},
  volume={61},
  number={1-4},
  pages={563--585},
  year={2011},
  publisher={Springer}
}

@ARTICLE{surveillance,
  author={Motlagh, Naser Hossein and Bagaa, Miloud and Taleb, Tarik},
  journal={IEEE Communications Magazine}, 
  title={UAV-Based IoT Platform: A Crowd Surveillance Use Case}, 
  year={2017},
  volume={55},
  number={2},
  pages={128-134},
  doi={10.1109/MCOM.2017.1600587CM}}

@article{logistics,
title = {Persistent UAV delivery logistics: MILP formulation and efficient heuristic},
journal = {Computers & Industrial Engineering},
volume = {120},
pages = {418-428},
year = {2018},
issn = {0360-8352},
doi = {https://doi.org/10.1016/j.cie.2018.05.013},
url = {https://www.sciencedirect.com/science/article/pii/S0360835218302146},
author = {Byung Duk Song and Kyungsu Park and Jonghoe Kim},
keywords = {Unmanned aerial vehicle routing problem (UAVRP), UAV delivery, Multiple service stations, Mixed Integer Linear Programming (MILP), Receding Horizon Task Assignment (RHTA) heuristic},
}

@INPROCEEDINGS{gps_fusion,
  author={Chang-Sun Yoo, Chang-Sun Yoo and Iee-Ki Ahn, Iee-Ki Ahn},
  booktitle={Digital Avionics Systems Conference, 2003. DASC '03. The 22nd}, 
  title={Low cost GPS/INS sensor fusion system for UAV navigation}, 
  year={2003},
  volume={2},
  number={},
  pages={8.A.1-8.1-9 vol.2},
  doi={10.1109/DASC.2003.1245891}}

@article{rf1,
  title={Ultra-wideband based cooperative relative localization algorithm and experiments for multiple unmanned aerial vehicles in GPS denied environments},
  author={Guo, Kexin and Qiu, Zhirong and Meng, Wei and Xie, Lihua and Teo, Rodney},
  journal={International Journal of Micro Air Vehicles},
  volume={9},
  number={3},
  pages={169--186},
  year={2017},
  publisher={SAGE Publications Sage UK: London, England}
}
@INPROCEEDINGS{gnss_denied_review,
  author={Balamurugan, G and Valarmathi, J and Naidu, V P S},
  booktitle={2016 International Conference on Signal Processing, Communication, Power and Embedded System (SCOPES)}, 
  title={Survey on UAV navigation in GPS denied environments}, 
  year={2016},
  volume={},
  number={},
  pages={198-204},
  doi={10.1109/SCOPES.2016.7955787}}

@INPROCEEDINGS{gnss_denied_uwb_indoor,
  author={Tiemann, Janis and Schweikowski, Florian and Wietfeld, Christian},
  booktitle={2015 International Conference on Indoor Positioning and Indoor Navigation (IPIN)}, 
  title={Design of an UWB indoor-positioning system for UAV navigation in GNSS-denied environments}, 
  year={2015},
  volume={},
  number={},
  pages={1-7},
  doi={10.1109/IPIN.2015.7346960}}

@article{gps_denied_review,
title = {A review of UAV autonomous navigation in GPS-denied environments},
journal = {Robotics and Autonomous Systems},
volume = {170},
pages = {104533},
year = {2023},
issn = {0921-8890},
doi = {https://doi.org/10.1016/j.robot.2023.104533},
url = {https://www.sciencedirect.com/science/article/pii/S0921889023001720},
author = {Yingxiu Chang and Yongqiang Cheng and Umar Manzoor and John Murray},
keywords = {UAV, GPS-denied navigation, Self-exploration, Performance evaluation metrics}
}

@article{visual_localization,
title = {A review on absolute visual localization for UAV},
journal = {Robotics and Autonomous Systems},
volume = {135},
pages = {103666},
year = {2021},
issn = {0921-8890},
doi = {https://doi.org/10.1016/j.robot.2020.103666},
url = {https://www.sciencedirect.com/science/article/pii/S0921889020305066},
author = {Andy Couturier and Moulay A. Akhloufi}
}

@Article{obstacle_av,
AUTHOR = {Aguilar, Wilbert G. and Casaliglla, Verónica P. and Pólit, José L.},
TITLE = {Obstacle Avoidance Based-Visual Navigation for Micro Aerial Vehicles},
JOURNAL = {Electronics},
VOLUME = {6},
YEAR = {2017},
NUMBER = {1},
ARTICLE-NUMBER = {10},
URL = {https://www.mdpi.com/2079-9292/6/1/10},
ISSN = {2079-9292},
DOI = {10.3390/electronics6010010}
}

@article{path_plan,
title = {Flight path planning for unmanned aerial vehicles with landmark-based visual navigation},
journal = {Robotics and Autonomous Systems},
volume = {62},
number = {2},
pages = {142-150},
year = {2014},
issn = {0921-8890},
doi = {https://doi.org/10.1016/j.robot.2013.11.004},
url = {https://www.sciencedirect.com/science/article/pii/S0921889013002212},
author = {Luitpold Babel}
}

@InProceedings{rgbd_uav,
author="Aguilar, Wilbert G.
and Rodr{\'i}guez, Guillermo A.
and {\'A}lvarez, Leandro
and Sandoval, Sebasti{\'a}n
and Quisaguano, Fernando
and Limaico, Alex",
editor="Rojas, Ignacio
and Joya, Gonzalo
and Catala, Andreu",
title="Visual SLAM with a RGB-D Camera on a Quadrotor UAV Using on-Board Processing",
booktitle="Advances in Computational Intelligence",
year="2017",
publisher="Springer International Publishing",
address="Cham",
pages="596--606"
}

@article{rgbd_indoor,
title = {Indoor low-cost localization system for controlling aerial robots},
journal = {Control Engineering Practice},
volume = {61},
pages = {93-111},
year = {2017},
issn = {0967-0661},
doi = {https://doi.org/10.1016/j.conengprac.2017.01.011},
url = {https://www.sciencedirect.com/science/article/pii/S0967066117300114},
author = {Milton C.P. Santos and Lucas V. Santana and Alexandre S. Brandão and Mário Sarcinelli-Filho and Ricardo Carelli}
}

@article{ai_agri,
title = {AI meets UAVs: A survey on AI empowered UAV perception systems for precision agriculture},
journal = {Neurocomputing},
volume = {518},
pages = {242-270},
year = {2023},
issn = {0925-2312},
doi = {https://doi.org/10.1016/j.neucom.2022.11.020},
url = {https://www.sciencedirect.com/science/article/pii/S0925231222013996},
author = {Jinya Su and Xiaoyong Zhu and Shihua Li and Wen-Hua Chen}
}

@ARTICLE{ai_disa,
  author={Wu, Chunxue and Ju, Bobo and Wu, Yan and Lin, Xiao and Xiong, Naixue and Xu, Guangquan and Li, Hongyan and Liang, Xuefeng},
  journal={IEEE Access}, 
  title={UAV Autonomous Target Search Based on Deep Reinforcement Learning in Complex Disaster Scene}, 
  year={2019},
  volume={7},
  number={},
  pages={117227-117245},
  doi={10.1109/ACCESS.2019.2933002}}

@INPROCEEDINGS{fusion_rgbd1,
  author={Santos, Milton C. P. and Santana, Lucas V. and Martins, Maria M. and Brandão, Alexandre S. and Sarcinelli-Filho, Mário},
  booktitle={2015 IEEE International Conference on Industrial Technology (ICIT)}, 
  title={Estimating and controlling UAV position using RGB-D/IMU data fusion with decentralized information/Kalman filter}, 
  year={2015},
  volume={},
  number={},
  pages={232-239},
  doi={10.1109/ICIT.2015.7125104}}

@Article{s17061268,
AUTHOR = {Kumar, G. Ajay and Patil, Ashok Kumar and Patil, Rekha and Park, Seong Sill and Chai, Young Ho},
TITLE = {A LiDAR and IMU Integrated Indoor Navigation System for UAVs and Its Application in Real-Time Pipeline Classification},
JOURNAL = {Sensors},
VOLUME = {17},
YEAR = {2017},
NUMBER = {6},
ARTICLE-NUMBER = {1268},
URL = {https://www.mdpi.com/1424-8220/17/6/1268},
PubMedID = {28574474},
ISSN = {1424-8220},
DOI = {10.3390/s17061268}
}

@misc{he2018mask,
      title={Mask R-CNN}, 
      author={Kaiming He and Georgia Gkioxari and Piotr Dollár and Ross Girshick},
      year={2018},
      eprint={1703.06870},
      archivePrefix={arXiv},
      primaryClass={cs.CV}
}
@article{survey_uav_nav,
author = {Yuncheng Lu, Zhucun Xue, Gui-Song Xia and Liangpei Zhang},
title = {A survey on vision-based UAV navigation},
journal = {Geo-spatial Information Science},
volume = {21},
number = {1},
pages = {21-32},
year = {2018},
publisher = {Taylor & Francis},
doi = {10.1080/10095020.2017.1420509},
URL = {https://doi.org/10.1080/10095020.2017.1420509}
}
@inproceedings{Xu_2023,
   title={A real-time dynamic obstacle tracking and mapping system for UAV navigation and collision avoidance with an RGB-D camera},
   url={http://dx.doi.org/10.1109/ICRA48891.2023.10161194},
   DOI={10.1109/icra48891.2023.10161194},
   booktitle={2023 IEEE International Conference on Robotics and Automation (ICRA)},
   publisher={IEEE},
   author={Xu, Zhefan and Zhan, Xiaoyang and Chen, Baihan and Xiu, Yumeng and Yang, Chenhao and Shimada, Kenji},
   year={2023},
   month=may }
@INPROCEEDINGS{7152290,
  author={Vetrella, Amedeo Rodi and Savvaris, Al and Fasano, Giancarmine and Accardo, Domenico},
  booktitle={2015 International Conference on Unmanned Aircraft Systems (ICUAS)}, 
  title={RGB-D camera-based quadrotor navigation in GPS-denied and low light environments using known 3D markers}, 
  year={2015},
  volume={},
  number={},
  pages={185-192},
  doi={10.1109/ICUAS.2015.7152290}}
@misc{elhousni2020survey,
      title={A Survey on 3D LiDAR Localization for Autonomous Vehicles}, 
      author={Mahdi Elhousni and Xinming Huang},
      year={2020},
      eprint={2006.00648},
      archivePrefix={arXiv},
      primaryClass={cs.CV}
}
@inproceedings{segmap, series={RSS2018},
   title={SegMap: 3D Segment Mapping using Data-Driven Descriptors},
   url={http://dx.doi.org/10.15607/RSS.2018.XIV.003},
   DOI={10.15607/rss.2018.xiv.003},
   booktitle={Robotics: Science and Systems XIV},
   publisher={Robotics: Science and Systems Foundation},
   author={Dubé, Renaud and Cramariuc, Andrei and Dugas, Daniel and Nieto, Juan and Siegwart, Roland and Cadena, Cesar},
   year={2018},
   month=jun, collection={RSS2018} }

@article{segmap2,
  title ={SegMap: Segment-based mapping and localization using data-driven descriptors},
  author = {Renaud Dubé and Andrei Cramariuc and Daniel Dugas and Hannes Sommer and Marcin Dymczyk and Juan Nieto and Roland Siegwart and Cesar Cadena},
  journal = {The International Journal of Robotics Research},
  volume = {39},
  number = {2-3},
  pages = {339-355},
  year = {2020},
  doi = {10.1177/0278364919863090}
}
@ARTICLE{AI_UAV_review,
  author={Rezwan, Sifat and Choi, Wooyeol},
  journal={IEEE Access}, 
  title={Artificial Intelligence Approaches for UAV Navigation: Recent Advances and Future Challenges}, 
  year={2022},
  volume={10},
  number={},
  pages={26320-26339},
  doi={10.1109/ACCESS.2022.3157626}}
@misc{qi2018frustum,
      title={Frustum PointNets for 3D Object Detection from RGB-D Data}, 
      author={Charles R. Qi and Wei Liu and Chenxia Wu and Hao Su and Leonidas J. Guibas},
      year={2018},
      eprint={1711.08488},
      archivePrefix={arXiv},
      primaryClass={cs.CV}
}

@article{Zhao2016Building3S,
  title={Building 3D semantic maps for mobile robots using RGB-D camera},
  author={Zhe Zhao and Xiaoping Chen},
  journal={Intelligent Service Robotics},
  year={2016},
  volume={9},
  pages={297-309},
  url={https://api.semanticscholar.org/CorpusID:3701230}
}
@inproceedings{segmatch2017,
title = {{SegMatch}: Segment Based Place Recognition in 3D Point Clouds},
author = {Dub{\’e}, Renaud and Dugas, Daniel and Stumm, Elena and
Nieto, Juan and Siegwart, Roland and Cadena, Cesar},
booktitle = {IEEE International Conference on Robotics and Automation (ICRA)},
year = {2017}
}

@misc{cramariuc2021semsegmap,
      title={SemSegMap- 3D Segment-Based Semantic Localization}, 
      author={Andrei Cramariuc and Florian Tschopp and Nikhilesh Alatur and Stefan Benz and Tillmann Falck and Marius Bruehlmeier and Benjamin Hahn and Juan Nieto and Roland Siegwart},
      year={2021},
      eprint={2107.14715},
      archivePrefix={arXiv},
      primaryClass={cs.RO}
}

@MISC{cocoannotator,
    author = {Justin Brooks},
    title = {{COCO Annotator}},
    howpublished = "\url{https://github.com/jsbroks/coco-annotator/}",
    year = {2019},
}
@MISC{astamotioncap,
    author = {Justin Brooks},
    title = {{ASTA motion capture}},
    howpublished = "\url{http://rsewiki.elektro.dtu.dk/index.php/ASTA_motion_capture}",
    year = {2019},
}
@misc{mscoco,
      title={Microsoft COCO: Common Objects in Context}, 
      author={Tsung-Yi Lin and Michael Maire and Serge Belongie and Lubomir Bourdev and Ross Girshick and James Hays and Pietro Perona and Deva Ramanan and C. Lawrence Zitnick and Piotr Dollár},
      year={2015},
      eprint={1405.0312},
      archivePrefix={arXiv},
      primaryClass={cs.CV}
}

@inproceedings{Paszke_PyTorch_An_Imperative_2019,
    author = {Paszke, Adam and Gross, Sam and Massa, Francisco and Lerer, Adam and Bradbury, James and Chanan, Gregory and Killeen, Trevor and Lin, Zeming and Gimelshein, Natalia and Antiga, Luca and Desmaison, Alban and Kopf, Andreas and Yang, Edward and DeVito, Zachary and Raison, Martin and Tejani, Alykhan and Chilamkurthy, Sasank and Steiner, Benoit and Fang, Lu and Bai, Junjie and Chintala, Soumith},
    booktitle = {Advances in Neural Information Processing Systems 32},
    editor = {Wallach, H. and Larochelle, H. and Beygelzimer, A. and d'Alché-Buc, F. and Fox, E. and Garnett, R.},
    pages = {8024--8035},
    publisher = {Curran Associates, Inc.},
    title = {{PyTorch: An Imperative Style, High-Performance Deep Learning Library}},
    url = {http://papers.neurips.cc/paper/9015-pytorch-an-imperative-style-high-performance-deep-learning-library.pdf},
    year = {2019}
}

@article{mmdetection,
  title   = {{MMDetection}: Open MMLab Detection Toolbox and Benchmark},
  author  = {Chen, Kai and Wang, Jiaqi and Pang, Jiangmiao and Cao, Yuhang and
             Xiong, Yu and Li, Xiaoxiao and Sun, Shuyang and Feng, Wansen and
             Liu, Ziwei and Xu, Jiarui and Zhang, Zheng and Cheng, Dazhi and
             Zhu, Chenchen and Cheng, Tianheng and Zhao, Qijie and Li, Buyu and
             Lu, Xin and Zhu, Rui and Wu, Yue and Dai, Jifeng and Wang, Jingdong
             and Shi, Jianping and Ouyang, Wanli and Loy, Chen Change and Lin, Dahua},
  journal= {arXiv preprint arXiv:1906.07155},
  year={2019}
}

@misc{px4_pyulog,
  author = {{PX4 Developers}},
  title = {pyulog},
  year = {2023},
  howpublished = {\url{https://github.com/PX4/pyulog}},
  note = {[Online; accessed December 9, 2023]}
}

@misc{intelrealsense_librealsense_python,
  author = {{Intel RealSense Developers}},
  title = {librealsense Python Wrappers},
  year = {2023},
  howpublished = {\url{https://github.com/IntelRealSense/librealsense/tree/master/wrappers/python}},
  note = {[Online; accessed September 1, 2023]}
}

@misc{COCOAPI,
  title = {COCO API},
  author = {{COCO API}},
  year = {2023},
  howpublished = {\url{https://github.com/cocodataset/cocoapi/tree/master/PythonAPI/pycocotools}},
  note = {Accessed: December 10, 2023}
}

@misc{segmmappy,
  title = {SegMap},
  author = {Renaud Dubé and Andrei Cramariuc and Daniel Dugas and Hannes Sommer and Marcin Dymczyk and Juan Nieto and Roland Siegwart and Cesar Cadena},
  year = {2023},
  howpublished = {\url{https://github.com/ethz-asl/segmap/tree/master/segmappy}},
  note = {Accessed: September 10, 2023}
}
@misc{dtu_hpc_cuda,
  author = {{Technical University of Denmark}},
  title = {HPC - Technical University of Denmark: CUDA Setting for TensorFlow 2.x},
  year = {2023},
  howpublished = {\url{https://www.hpc.dtu.dk/?page_id=3755}},
  note = {Accessed: 2023-12-23}
}
@Article{imu_drift,
AUTHOR = {Alatise, Mary B. and Hancke, Gerhard P.},
TITLE = {Pose Estimation of a Mobile Robot Based on Fusion of IMU Data and Vision Data Using an Extended Kalman Filter},
JOURNAL = {Sensors},
VOLUME = {17},
YEAR = {2017},
NUMBER = {10},
ARTICLE-NUMBER = {2164},
URL = {https://www.mdpi.com/1424-8220/17/10/2164},
PubMedID = {28934102},
ISSN = {1424-8220},
DOI = {10.3390/s17102164}
}


@INPROCEEDINGS{Geiger2012CVPR,
  author = {Andreas Geiger and Philip Lenz and Raquel Urtasun},
  title = {Are we ready for Autonomous Driving? The KITTI Vision Benchmark Suite},
  booktitle = {Conference on Computer Vision and Pattern Recognition (CVPR)},
  year = {2012}
}